<record><leader>00000cas a22000007a 4500</leader><controlfield tag="001">12940292</controlfield><controlfield tag="008">851220d19081909inudn ne      0    0eng d</controlfield><datafield ind1=" " ind2=" " tag="010"><subfield code="a">sn 85048242 </subfield></datafield><datafield ind1=" " ind2=" " tag="040"><subfield code="a">NPI</subfield><subfield code="b">eng</subfield><subfield code="c">NPI</subfield><subfield code="d">OCLCQ</subfield></datafield><datafield ind1=" " ind2=" " tag="042"><subfield code="a">msc</subfield></datafield><datafield ind1="0" ind2=" " tag="130"><subfield code="a">Greenfield daily reporter (Greenfield, Ind. : 1908)</subfield></datafield><datafield ind1="1" ind2="0" tag="245"><subfield code="a">Greenfield daily reporter.</subfield></datafield><datafield ind1=" " ind2=" " tag="260"><subfield code="a">Greenfield, Ind. :</subfield><subfield code="b">Reporter Pub. Co.</subfield></datafield><datafield ind1=" " ind2=" " tag="300"><subfield code="a">v. :</subfield><subfield code="b">ill. ;</subfield><subfield code="c">55 cm.</subfield></datafield><datafield ind1=" " ind2=" " tag="310"><subfield code="a">Daily (except Sun.)</subfield></datafield><datafield ind1="1" ind2=" " tag="362"><subfield code="a">Began on Apr. 27, 1908.</subfield><subfield code="z">Cf. Miller, John W. Indiana newspaper bibliog.</subfield></datafield><datafield ind1="0" ind2=" " tag="362"><subfield code="a">-v. 1, no. 280 (Mar. 20, 1909).</subfield></datafield><datafield ind1=" " ind2=" " tag="500"><subfield code="a">"An Independent newspaper."</subfield></datafield><datafield ind1=" " ind2=" " tag="588"><subfield code="a">Description based on: Vol. 1, no. 108 (Sept. 1, 1908).</subfield></datafield><datafield ind1=" " ind2=" " tag="752"><subfield code="a">United States</subfield><subfield code="b">Indiana</subfield><subfield code="c">Hancock</subfield><subfield code="d">Greenfield.</subfield></datafield><datafield ind1="0" ind2="7" tag="785"><subfield code="t">Evening star (Greenfield, Ind.)</subfield><subfield code="w">(DLC)sn 85048243</subfield></datafield><datafield ind1="0" ind2="7" tag="785"><subfield code="t">Greenfield daily reporter and evening star</subfield><subfield code="w">(DLC)sn 85048245</subfield></datafield><datafield ind1="1" ind2=" " tag="029"><subfield code="a">AU@</subfield><subfield code="b">000025841372</subfield></datafield></record>